@ARTICLE{BP-orig,
author={Tassiulas, L. and Ephremides, Anthony},
journal={Automatic Control, IEEE Transactions on},
title={Stability properties of constrained queueing systems and scheduling policies for maximum throughput in multihop radio networks},
year={1992},
month={Dec},
volume={37},
number={12},
pages={1936-1948}}

@ARTICLE{Neely1,
author={Neely, M.J. and Modiano, E. and Rohrs, C.E.},
journal={Selected Areas in Communications, IEEE Journal on},
title={Dynamic power allocation and routing for time-varying wireless networks},
year={2005},
month={Jan},
volume={23},
number={1},
pages={89-103}}

@ARTICLE{Srikant1,
author={Bui, L.X. and Srikant, R. and Stolyar, A.},
journal={Networking, IEEE/ACM Transactions on},
title={A Novel Architecture for Reduction of Delay and Queueing Structure Complexity in the Back-Pressure Algorithm},
year={2011},
month={Dec},
volume={19},
number={6},
pages={1597-1609}}

@INPROCEEDINGS{Srikant2,
author={Bui, L. and Srikant, R. and Stolyar, A.},
booktitle={Decision and Control, 2007 46th IEEE Conference on},
title={Optimal resource allocation for multicast flows in multihop wireless networks},
year={2007},
month={Dec},
pages={1134-1139}}

@ARTICLE{Srikant3,
author={Athanasopoulou, E. and Bui, L.X. and Tianxiong Ji and Srikant, R. and Stolyar, A.},
journal={Networking, IEEE/ACM Transactions on},
title={Back-Pressure-Based Packet-by-Packet Adaptive Routing in Communication Networks},
year={2013},
month={Feb},
volume={21},
number={1},
pages={244-257}}

@INPROCEEDINGS{Austin1,
author={Lei Ying and Shakkottai, S. and Reddy, A.},
booktitle={INFOCOM 2009, IEEE},
title={On Combining Shortest-Path and Back-Pressure Routing Over Multihop Wireless Networks},
year={2009},
month={April},
pages={1674-1682}}

@INPROCEEDINGS{Leighton1,
author={Awerbuch, Baruch and Leighton, T.},
booktitle={Foundations of Computer Science, 1993. Proceedings., 34th Annual Symposium on},
title={A simple local-control approximation algorithm for multicommodity flow},
year={1993},
month={Nov},
pages={459-468}}

@misc{walton,
  author      = {Walton, N.S. },
  title       = {Stability of MaxWeight-($\alpha$,g)},
  howpublished="\url{http://arxiv.org/abs/1301.3723}"
}

@ARTICLE{nick1,
author={McKeown, N. and Mekkittikul, A. and Anantharam, V. and Walrand, J.},
journal={Communications, IEEE Transactions on},
title={Achieving 100% throughput in an input-queued switch},
year={1999},
month={Aug},
volume={47},
number={8},
pages={1260-1267}
}

@inproceedings{BCP,
 author = {Moeller, Scott and Sridharan, Avinash and Krishnamachari, Bhaskar and Gnawali, Omprakash},
 title = {Routing Without Routes: The Backpressure Collection Protocol},
 booktitle = {Proceedings of the 9th ACM/IEEE International Conference on Information Processing in Sensor Networks},
 year = {2010},
 pages = {279--290}}
 
 @INPROCEEDINGS{BP-lcn,
author={Szwabe, A. and Misiorek, P. and Nowak, A. and Marchwicki, J.},
booktitle={Local Computer Networks (LCN), 2010 IEEE 35th Conference on},
title={Implementation of backpressure-based routing integrated with Max-Weight Scheduling in a wireless multi-hop network},
year={2010},
month={Oct},
pages={983-988}}

@INPROCEEDINGS{SP1,
author={Gupta, P. and Javidi, T.},
booktitle={Signals, Systems and Computers, 2007. ACSSC 2007. Conference Record of the Forty-First Asilomar Conference on},
title={Towards Throughput and Delay Optimal Routing for Wireless Ad-Hoc Networks},
year={2007},
month={Nov},
pages={249-254}}

@INPROCEEDINGS{DEFT,
author={Dahai Xu and Mung Chiang and Rexford, J.},
booktitle={INFOCOM 2007. 26th IEEE International Conference on Computer Communications. IEEE},
title={DEFT: Distributed Exponentially-Weighted Flow Splitting},
year={2007},
month={May},
pages={71-79}}

@ARTICLE{PEFT,
author={Dahai Xu and Mung Chiang and Rexford, J.},
journal={Networking, IEEE/ACM Transactions on},
title={Link-State Routing With Hop-by-Hop Forwarding Can Achieve Optimal Traffic Engineering},
year={2011},
month={Dec},
volume={19},
number={6},
pages={1717-1730}}

@ARTICLE{mOSPF,
author={Fortz, B. and Thorup, M.},
journal={Selected Areas in Communications, IEEE Journal on},
title={Optimizing OSPF/IS-IS weights in a changing world},
year={2002},
month={May},
volume={20},
number={4},
pages={756-767}}